@inproceedings{elrakaiby2017using,
  title={Using Argumentation to Explain Ambiguity in Requirements Elicitation Interviews},
  author={Elrakaiby, Yehia and Ferrari, Alessio and Spoletini, Paola and Gnesi, Stefania and Nuseibeh, Bashar},
  booktitle={Requirements Engineering Conference (RE), 2017 IEEE 25th International},
  pages={51--60},
  year={2017},
  organization={IEEE}
}
